<?xml version="1.0" encoding="UTF-8"?><collection xmlns="http://www.loc.gov/MARC21/slim"><record><leader>00663nam--2200217-i-4500</leader><controlfield tag="001">000016479</controlfield><controlfield tag="002">20161230</controlfield><controlfield tag="005">20161230201031</controlfield><controlfield tag="008">060222s1000------------r-----000-0-eng-d</controlfield><datafield ind1=" " ind2=" " tag="020"><subfield code="a">354058515X</subfield></datafield><datafield ind1=" " ind2=" " tag="040"><subfield code="a">IFIN-HH</subfield></datafield><datafield ind1=" " ind2=" " tag="080"><subfield code="a">537.633.2</subfield></datafield><datafield ind1="1" ind2=" " tag="100"><subfield code="a">Charkraborty, Tapash</subfield></datafield><datafield ind1="1" ind2="0" tag="245"><subfield code="a">The quantum hall effects</subfield><subfield code="b">Integral and fractional</subfield><subfield code="c">Tapash charkraborty, pekka pietilainen</subfield></datafield><datafield ind1=" " ind2=" " tag="250"><subfield code="a">Second Englarged And Updated Edition</subfield></datafield><datafield ind1=" " ind2=" " tag="260"><subfield code="a">Berlin</subfield><subfield code="b">Springer-verlag</subfield><subfield code="c">1995</subfield></datafield><datafield ind1=" " ind2=" " tag="300"><subfield code="a">XII + 302 P</subfield></datafield><datafield ind1=" " ind2=" " tag="490"><subfield code="a">Springer Series In Solid-state Sciences</subfield><subfield code="v">Vol. 85</subfield></datafield><datafield ind1="1" ind2=" " tag="700"><subfield code="a">Pietilainen, Pekka</subfield></datafield><datafield ind1=" " ind2=" " tag="852"><subfield code="a">46526</subfield><subfield code="c">539.2</subfield></datafield><datafield ind1=" " ind2=" " tag="CAT"><subfield code="a">Sys</subfield><subfield code="c">20121030</subfield><subfield code="h">095301</subfield></datafield></record></collection>